@article{Shor97,
	doi = {10.1137/s0097539795293172},
	url = {https://doi.org/10.1137%2Fs0097539795293172},
	year = 1997,
	month = {oct},
	publisher = {Society for Industrial {\&} Applied Mathematics ({SIAM})},
	volume = {26},
	number = {5},
	pages = {1484--1509},
	author = {Peter W. Shor},
	title = {Polynomial-Time Algorithms for Prime Factorization and Discrete Logarithms on a Quantum Computer},
	journal = {{SIAM} Journal on Computing}
}

@article{DeutschJozsa92,
author = {Deutsch, D and Jozsa, R},
title = {Rapid Solution of Problems by Quantum Computation},
year = {1992},
publisher = {University of Bristol},
address = {GBR}
}

@article{BV97,
author = {Bernstein, Ethan and Vazirani, Umesh},
title = {Quantum Complexity Theory},
journal = {SIAM Journal on Computing},
volume = {26},
number = {5},
pages = {1411-1473},
year = {1997},
doi = {10.1137/S0097539796300921},
}
@article{Simon97,
author = {Simon, Daniel R.},
title = {On the Power of Quantum Computation},
journal = {SIAM Journal on Computing},
volume = {26},
number = {5},
pages = {1474-1483},
year = {1997},
doi = {10.1137/S0097539796298637}
}

@inproceedings{Grover96,
author = {Grover, Lov K.},
title = {A Fast Quantum Mechanical Algorithm for Database Search},
year = {1996},
isbn = {0897917855},
publisher = {Association for Computing Machinery},
address = {New York, NY, USA},
url = {https://doi.org/10.1145/237814.237866},
doi = {10.1145/237814.237866},
booktitle = {Proceedings of the Twenty-Eighth Annual ACM Symposium on Theory of Computing},
pages = {212â€“219},
numpages = {8},
location = {Philadelphia, Pennsylvania, USA},
series = {STOC '96}
}

@article{HHL09,
	doi = {10.1103/physrevlett.103.150502},
	url = {https://doi.org/10.1103%2Fphysrevlett.103.150502},
	year = 2009,
	month = {oct},
	publisher = {American Physical Society ({APS})},
	volume = {103},
	number = {15},
	author = {Aram W. Harrow and Avinatan Hassidim and Seth Lloyd},
	title = {Quantum Algorithm for Linear Systems of Equations},
	journal = {Physical Review Letters}
}

@article{Schrodinger26,
    author = {Schr\"odinger, E.},
    title = "{Quantisierung als Eigenwertproblem}",
    doi = "10.1002/andp.19263861802",
    journal = "Annalen Phys.",
    volume = "386",
    number = "18",
    pages = "109--139",
    year = "1926"
}

@article{Feynman82,
  author = {Feynman, Richard P},
  journal = {International journal of theoretical physics},
  number = {6/7},
  pages = {467--488},
  publisher = {World Scientific},
  title = {Simulating physics with computers},
  volume = 21,
  year = 1982
}

@article{Feynman86,
	author = {Richard P. Feynman},
	doi = {10.1007/bf01886518},
	journal = {Foundations of Physics},
	number = {6},
	pages = {507--531},
	title = {Quantum Mechanical Computers},
	volume = {16},
	year = {1986}
}

@misc{Watrous00,
      title={Succinct quantum proofs for properties of finite groups}, 
      author={John Watrous},
      year={2000},
      eprint={cs/0009002},
      archivePrefix={arXiv},
      primaryClass={cs.CC}
}

@misc{OT08,
      title={The complexity of quantum spin systems on a two-dimensional square lattice}, 
      author={Roberto Oliveira and Barbara M. Terhal},
      year={2008},
      eprint={quant-ph/0504050},
      archivePrefix={arXiv},
      primaryClass={quant-ph}
}

@article{BL08,
	doi = {10.1103/physreva.78.012352},
	url = {https://doi.org/10.1103\%2Fphysreva.78.012352},
	year = 2008,
	month = {jul},
	publisher = {American Physical Society ({APS})},
	volume = {78},
	number = {1},
	author = {Jacob D. Biamonte and Peter J. Love},
	title = {Realizable Hamiltonians for universal adiabatic quantum computers},
	journal = {Physical Review A}
}

@article{SV09,
	doi = {10.1038/nphys1370},
	url = {https://doi.org/10.1038\%2Fnphys1370},
	year = 2009,
	month = {aug},
	publisher = {Springer Science and Business Media {LLC}},
	volume = {5},
	number = {10},
	pages = {732--735},
	author = {Norbert Schuch and Frank Verstraete},
	title = {Computational complexity of interacting electrons and fundamental limitations of density functional~theory},
	journal = {Nature Physics}
}

@article{WMN10,
	doi = {10.1103/physrevlett.104.040501},
	url = {https://doi.org/10.1103\%2Fphysrevlett.104.040501},
	year = 2010,
	month = {jan},
	publisher = {American Physical Society ({APS})},
	volume = {104},
	number = {4},
	author = {Tzu-Chieh Wei and Michele Mosca and Ashwin Nayak},
	title = {Interacting Boson Problems Can Be {QMA} Hard},
	journal = {Physical Review Letters}
}

@article{LCV07,
	doi = {10.1103/physrevlett.98.110503},
	url = {https://doi.org/10.1103\%2Fphysrevlett.98.110503},
	year = 2007,
	month = {mar},
	publisher = {American Physical Society ({APS})},
	volume = {98},
	number = {11},
	author = {Yi-Kai Liu and Matthias Christandl and F. Verstraete},
	title = {Quantum Computational Complexity of the$\less$mml:math xmlns:mml="http://www.w3.org/1998/Math/{MathML}" display="inline"$\greater$$\less$mml:mi$\greater$N$\less$/mml:mi$\greater$$\less$/mml:math$\greater$-Representability Problem: {QMA} Complete},
	journal = {Physical Review Letters}
}

@misc{CGW16,
	doi = {10.26421/qic16.1-2},
    title={Complexity of the XY antiferromagnet at fixed magnetization},
	url = {https://doi.org/10.26421\%2Fqic16.1-2},
    author={Andrew M. Childs and David Gosset and Zak Webb},
	year = 2016,
	month = {jan},
	publisher = {Rinton Press}
}
@article{BBBV97,
	doi = {10.1137/s0097539796300933},
	url = {https://doi.org/10.1137%2Fs0097539796300933},
	year = 1997,
	month = {oct},
	publisher = {Society for Industrial {\&} Applied Mathematics ({SIAM})},
	volume = {26},
	number = {5},
	pages = {1510--1523},
	author = {Charles H. Bennett and Ethan Bernstein and Gilles Brassard and Umesh Vazirani},
	title = {Strengths and Weaknesses of Quantum Computing},
	journal = {{SIAM} Journal on Computing}
}

@misc{PM15,
      title={The complexity of antiferromagnetic interactions and 2D lattices}, 
      author={Stephen Piddock and Ashley Montanaro},
      year={2015},
      eprint={1506.04014},
      archivePrefix={arXiv},
      primaryClass={quant-ph}
}

@misc{CM16,
      title={Complexity classification of local Hamiltonian problems}, 
      author={Toby Cubitt and Ashley Montanaro},
      year={2016},
      eprint={1311.3161},
      archivePrefix={arXiv},
      primaryClass={quant-ph}
}

@article{SBGSMOOM22,
	doi = {10.1038/s41467-022-33335-4},
	url = {https://doi.org/10.1038%2Fs41467-022-33335-4},
	year = 2022,
	month = {oct},
	publisher = {Springer Science and Business Media {LLC}},
	volume = {13},
	number = {1},
	author = {Stasja Stanisic and Jan Lukas Bosse and Filippo Maria Gambetta and Raul A. Santos and Wojciech Mruczkiewicz and Thomas E. O'Brien and Eric Ostby and Ashley Montanaro},
	title = {Observing ground-state properties of the Fermi-Hubbard model using a scalable algorithm on a quantum computer},
	journal = {Nature Communications}
}

@misc{OgIWF21,
      title={Electronic Structure in a Fixed Basis is QMA-complete}, 
      author={Bryan O'Gorman and Sandy Irani and James Whitfield and Bill Fefferman},
      year={2021},
      eprint={2103.08215},
      archivePrefix={arXiv},
      primaryClass={quant-ph}
}

@misc{Bookatz13,
      title={QMA-complete problems}, 
      author={Adam D. Bookatz},
      year={2013},
      eprint={1212.6312},
      archivePrefix={arXiv},
      primaryClass={quant-ph}
}

@incollection{CGW14,
	doi = {10.1007/978-3-662-43948-7_26},
	url = {https://doi.org/10.1007%2F978-3-662-43948-7_26},
	year = 2014,
	publisher = {Springer Berlin Heidelberg},
	pages = {308--319},
	author = {Andrew M. Childs and David Gosset and Zak Webb},
	title = {The Bose-Hubbard Model is {QMA}-complete},
	booktitle = {Automata, Languages, and Programming}
}

@article{CPM18,
	doi = {10.1073/pnas.1804949115},
	url = {https://doi.org/10.1073%2Fpnas.1804949115},
	year = 2018,
	month = {aug},
	publisher = {Proceedings of the National Academy of Sciences},
	volume = {115},
	number = {38},
	pages = {9497--9502},
	author = {Toby S. Cubitt and Ashley Montanaro and Stephen Piddock},
	title = {Universal quantum Hamiltonians},
	journal = {Proceedings of the National Academy of Sciences}
}

@misc{KKR05,
      title={The Complexity of the Local Hamiltonian Problem}, 
      author={Julia Kempe and Alexei Kitaev and Oded Regev},
      year={2005},
      eprint={quant-ph/0406180},
      archivePrefix={arXiv},
      primaryClass={quant-ph}
}

@article{JF08,
	doi = {10.1103/physreva.77.062329},
	url = {https://doi.org/10.1103%2Fphysreva.77.062329},
	year = 2008,
	month = {jun},
	publisher = {American Physical Society ({APS})},
	volume = {77},
	number = {6},
	author = {Stephen P. Jordan and Edward Farhi},
	title = {Perturbative gadgets at arbitrary orders},
	journal = {Physical Review A}
}

@misc{BH14,
      title={On complexity of the quantum Ising model}, 
      author={Sergey Bravyi and Matthew Hastings},
      year={2014},
      eprint={1410.0703},
      archivePrefix={arXiv},
      primaryClass={quant-ph}
}

@misc{BVOT07,
      title={The Complexity of Stoquastic Local Hamiltonian Problems}, 
      author={Sergey Bravyi and David P. DiVincenzo and Roberto I. Oliveira and Barbara M. Terhal},
      year={2007},
      eprint={quant-ph/0606140},
      archivePrefix={arXiv},
      primaryClass={quant-ph}
}

@misc{BBT06,
      title={Merlin-Arthur Games and Stoquastic Complexity}, 
      author={Sergey Bravyi and Arvid J. Bessen and Barbara M. Terhal},
      year={2006},
      eprint={quant-ph/0611021},
      archivePrefix={arXiv},
      primaryClass={quant-ph}
}

@misc{Bravyi15,
      title={Monte Carlo simulation of stoquastic Hamiltonians}, 
      author={Sergey Bravyi},
      year={2015},
      eprint={1402.2295},
      archivePrefix={arXiv},
      primaryClass={quant-ph}
}

@misc{BT08,
      title={Complexity of stoquastic frustration-free Hamiltonians}, 
      author={Sergey Bravyi and Barbara Terhal},
      year={2008},
      eprint={0806.1746},
      archivePrefix={arXiv},
      primaryClass={quant-ph}
}

@article{BWPRWL17,
	doi = {10.1038/nature23474},
	url = {https://doi.org/10.1038%2Fnature23474},
	year = 2017,
	month = {sep},
	publisher = {Springer Science and Business Media {LLC}},
	volume = {549},
	number = {7671},
	pages = {195--202},
	author = {Jacob Biamonte and Peter Wittek and Nicola Pancotti and Patrick Rebentrost and Nathan Wiebe and Seth Lloyd},
	title = {Quantum machine learning},
	journal = {Nature}
}

@article{CBBK015,
	doi = {10.1103/physreva.91.012315},
	url = {https://doi.org/10.1103%2Fphysreva.91.012315},
	year = 2015,
	month = {jan},
	publisher = {American Physical Society ({APS})},
	volume = {91},
	number = {1},
	author = {Yudong Cao and Ryan Babbush and Jacob Biamonte and Sabre Kais},
	title = {Hamiltonian gadgets with reduced resource requirements},
	journal = {Physical Review A}
}
@phdthesis{PiddockThesis,
    title        = {Complexity and Simulation of Many-Body Quantum Systems},
    author       = {Stephen Piddock},
    year         = 2019,
    month        = {Jan},
    school       = {University of Bristol},
    type         = {PhD thesis}
}

@misc{CFKE22,
      title={A perturbative gadget for delaying the onset of barren plateaus in variational quantum algorithms}, 
      author={Simon Cichy and Paul K. Faehrmann and Sumeet Khatri and Jens Eisert},
      year={2022},
      eprint={2210.03099},
      archivePrefix={arXiv},
      primaryClass={quant-ph}
}

@article{ZM23,
	doi = {10.22331/q-2023-07-20-1061},
	url = {https://doi.org/10.22331%2Fq-2023-07-20-1061},
	year = 2023,
	month = {jul},
	publisher = {Verein zur Forderung des Open Access Publizierens in den Quantenwissenschaften},
	volume = {7},
	pages = {1061},
	author = {Vinicius Zampronio and Tommaso Macr{\`{\i}}},
	title = {Chiral superconductivity in the doped triangular-lattice Fermi-Hubbard model in two dimensions},
	journal = {Quantum}
}

@article{NS05,
	doi = {10.1103/physrevb.71.024401},
	url = {https://doi.org/10.1103%2Fphysrevb.71.024401},
	year = 2005,
	month = {jan},
	publisher = {American Physical Society ({APS})},
	volume = {71},
	number = {2},
	author = {P. Nikoli{\'{c}} and T. Senthil},
  
	title = {Theory of the kagome lattice Ising antiferromagnet in weak transverse fields},
  
	journal = {Physical Review B}
}

@misc{SM23,
      title={Trotter error with commutator scaling for the Fermi-Hubbard model}, 
      author={Ansgar Schubert and Christian B. Mendl},
      year={2023},
      eprint={2306.10603},
      archivePrefix={arXiv},
      primaryClass={quant-ph}
}

@article{Lloyd1996,
  doi = {10.1126/science.273.5278.1073},
  url = {https://doi.org/10.1126/science.273.5278.1073},
  year = {1996},
  month = aug,
  publisher = {American Association for the Advancement of Science ({AAAS})},
  volume = {273},
  number = {5278},
  pages = {1073--1078},
  author = {Seth Lloyd},
  title = {Universal Quantum Simulators},
  journal = {Science}
}

@misc{Ambainis14QMA,
      title={On physical problems that are slightly more difficult than QMA}, 
      author={Andris Ambainis},
      year={2014},
      eprint={1312.4758},
      archivePrefix={arXiv},
      primaryClass={quant-ph}
}

@misc{CN14,
      title={Perturbative gadgets without strong interactions}, 
      author={Yudong Cao and Daniel Nagaj},
      year={2014},
      eprint={1408.5881},
      archivePrefix={arXiv},
      primaryClass={quant-ph}
}
==!!====!!====!!====!!====!!====!!====!!====!!====!!====!!====!!====!!====!!====!!====!!====!!====!!====!!====!!====!!==
==!!====!!====!!====!!====!!====!!====!!====!!====!!====!!====!!====!!====!!====!!====!!====!!====!!====!!====!!====!!==
==!!====!!====!!====!!====!!====!!====!!====!!====!!====!!====!!====!!====!!====!!====!!====!!====!!====!!====!!====!!==
==!!====!!====!!====!!====!!====!!====!!====!!====!!====!!====!!====!!====!!====!!====!!====!!====!!====!!====!!====!!==
%% Quantum Walks %% Quantum Walks %% Quantum Walks %% Quantum Walks %% Quantum Walks %% Quantum Walks %% Quantum Walks 
%% Quantum Walks %% Quantum Walks %% Quantum Walks %% Quantum Walks %% Quantum Walks %% Quantum Walks %% Quantum Walks 
%% Quantum Walks %% Quantum Walks %% Quantum Walks %% Quantum Walks %% Quantum Walks %% Quantum Walks %% Quantum Walks 
%% Quantum Walks %% Quantum Walks %% Quantum Walks %% Quantum Walks %% Quantum Walks %% Quantum Walks %% Quantum Walks 
@misc{MSS05,
      title={Quantum Algorithms for the Triangle Problem}, 
      author={Frederic Magniez and Miklos Santha and Mario Szegedy},
      year={2005},
      eprint={quant-ph/0310134},
      archivePrefix={arXiv},
      primaryClass={quant-ph}
}

@inproceedings{LeGall14,
	doi = {10.1109/focs.2014.31},
	url = {https://doi.org/10.1109%2Ffocs.2014.31},
	year = 2014,
	month = {oct},
	publisher = {{IEEE}},
	author = {Francois Le Gall},
	title = {Improved Quantum Algorithm for Triangle Finding via Combinatorial Arguments},
	booktitle = {2014 {IEEE} 55th Annual Symposium on Foundations of Computer Science}
}

@misc{Ambainis14QW,
      title={Quantum walk algorithm for element distinctness}, 
      author={Andris Ambainis},
      year={2014},
      eprint={quant-ph/0311001},
      archivePrefix={arXiv},
      primaryClass={quant-ph}
}

@misc{Santha08,
      title={Quantum walk based search algorithms}, 
      author={Miklos Santha},
      year={2008},
      eprint={0808.0059},
      archivePrefix={arXiv},
      primaryClass={quant-ph}
}

@article{Childs09,
	doi = {10.1007/s00220-009-0930-1},
	url = {https://doi.org/10.1007%2Fs00220-009-0930-1},
	year = 2009,
	month = {oct},
	publisher = {Springer Science and Business Media {LLC}},
	volume = {294},
	number = {2},
	pages = {581--603},
	author = {Andrew M. Childs},
	title = {On the Relationship Between Continuous- and Discrete-Time Quantum Walk},
	journal = {Communications in Mathematical Physics}
}

@article{Kempe03,
	doi = {10.1080/00107151031000110776},
	url = {https://doi.org/10.1080%2F00107151031000110776},
	year = 2003,
	month = {jul},
	publisher = {Informa {UK} Limited},
	volume = {44},
	number = {4},
	pages = {307--327},
	author = {J Kempe},
	title = {Quantum random walks: An introductory overview},
	journal = {Contemporary Physics}
}

@article{VenegasAndraca12,
author = {Venegas-Andraca, Salvador El\'{\i}as},
title = {Quantum Walks: A Comprehensive Review},
year = {2012},
issue_date = {October   2012},
publisher = {Kluwer Academic Publishers},
address = {USA},
volume = {11},
number = {5},
issn = {1570-0755},
url = {https://doi.org/10.1007/s11128-012-0432-5},
doi = {10.1007/s11128-012-0432-5},
journal = {Quantum Information Processing},
month = {oct},
pages = {1015â€“1106},
numpages = {92},
}

==!!====!!====!!====!!====!!====!!====!!====!!====!!====!!====!!====!!====!!====!!====!!====!!====!!====!!====!!====!!==
==!!====!!====!!====!!====!!====!!====!!====!!====!!====!!====!!====!!====!!====!!====!!====!!====!!====!!====!!====!!==
==!!====!!====!!====!!====!!====!!====!!====!!====!!====!!====!!====!!====!!====!!====!!====!!====!!====!!====!!====!!==
==!!====!!====!!====!!====!!====!!====!!====!!====!!====!!====!!====!!====!!====!!====!!====!!====!!====!!====!!====!!==
%% Ham. Sim. %% Ham. Sim. %% Ham. Sim. %% Ham. Sim. %% Ham. Sim. %% Ham. Sim. %% Ham. Sim. %% Ham. Sim. %% Ham. Sim. %% Ham. Sim. 
%% Ham. Sim. %% Ham. Sim. %% Ham. Sim. %% Ham. Sim. %% Ham. Sim. %% Ham. Sim. %% Ham. Sim. %% Ham. Sim. %% Ham. Sim. %% Ham. Sim. 
%% Ham. Sim. %% Ham. Sim. %% Ham. Sim. %% Ham. Sim. %% Ham. Sim. %% Ham. Sim. %% Ham. Sim. %% Ham. Sim. %% Ham. Sim. %% Ham. Sim. 
%% Ham. Sim. %% Ham. Sim. %% Ham. Sim. %% Ham. Sim. %% Ham. Sim. %% Ham. Sim. %% Ham. Sim. %% Ham. Sim. %% Ham. Sim. %% Ham. Sim. 

@misc{CW12,
	doi = {10.26421/qic12.11-12},
	url = {https://doi.org/10.26421%2Fqic12.11-12},
    title={Hamiltonian Simulation Using Linear Combinations of Unitary Operations},
    authors={Andrew M. Childs, Nathan Wiebe},
	year = 2012,
	month = {nov},
	publisher = {Rinton Press},
	volume = {12},
	number = {11{\&}12}
}

@INPROCEEDINGS{BCK15,
  author={Berry, Dominic W. and Childs, Andrew M. and Kothari, Robin},
  booktitle={2015 IEEE 56th Annual Symposium on Foundations of Computer Science}, 
  title={Hamiltonian Simulation with Nearly Optimal Dependence on all Parameters}, 
  year={2015},
  volume={},
  number={},
  pages={792-809},
  doi={10.1109/FOCS.2015.54}}

@article{CKS17,
	doi = {10.1137/16m1087072},
	url = {https://doi.org/10.1137%2F16m1087072},
	year = 2017,
	month = {jan},
	publisher = {Society for Industrial {\&} Applied Mathematics ({SIAM})},
	volume = {46},
	number = {6},
	pages = {1920--1950},
	author = {Andrew M. Childs and Robin Kothari and Rolando D. Somma},
	title = {Quantum Algorithm for Systems of Linear Equations with Exponentially Improved Dependence on Precision},
	journal = {{SIAM} Journal on Computing}
}
==!!====!!====!!====!!====!!====!!====!!====!!====!!====!!====!!====!!====!!====!!====!!====!!====!!====!!====!!====!!==
==!!====!!====!!====!!====!!====!!====!!====!!====!!====!!====!!====!!====!!====!!====!!====!!====!!====!!====!!====!!==
==!!====!!====!!====!!====!!====!!====!!====!!====!!====!!====!!====!!====!!====!!====!!====!!====!!====!!====!!====!!==
==!!====!!====!!====!!====!!====!!====!!====!!====!!====!!====!!====!!====!!====!!====!!====!!====!!====!!====!!====!!==
%% QSVT +... %% QSVT +... %% QSVT +... %% QSVT +... %% QSVT +... %% QSVT +... %% QSVT +... %% QSVT +... %% QSVT +... %% QSVT +... 
%% QSVT +... %% QSVT +... %% QSVT +... %% QSVT +... %% QSVT +... %% QSVT +... %% QSVT +... %% QSVT +... %% QSVT +... %% QSVT +... 
%% QSVT +... %% QSVT +... %% QSVT +... %% QSVT +... %% QSVT +... %% QSVT +... %% QSVT +... %% QSVT +... %% QSVT +... %% QSVT +... 
%% QSVT +... %% QSVT +... %% QSVT +... %% QSVT +... %% QSVT +... %% QSVT +... %% QSVT +... %% QSVT +... %% QSVT +... %% QSVT +... 
@misc{CLBY23,
      title={Explicit Quantum Circuits for Block Encodings of Certain Sparse Matrices}, 
      author={Daan Camps and Lin Lin and Roel Van Beeumen and Chao Yang},
      year={2023},
      eprint={2203.10236},
      archivePrefix={arXiv},
      primaryClass={quant-ph}
}

@article{DT22,
	doi = {10.1103/prxquantum.3.040305},
	url = {https://doi.org/10.1103\%2Fprxquantum.3.040305},
	year = 2022,
	month = {oct},
	publisher = {American Physical Society ({APS})},
	volume = {3},
	number = {4},
	author = {Yulong Dong and Lin Lin and Yu Tong},
	title = {Ground-State Preparation and Energy Estimation on Early Fault-Tolerant Quantum Computers via Quantum Eigenvalue Transformation of Unitary Matrices},
	journal = {{PRX} Quantum}
}

@article{LYC16,
	doi = {10.1103/physrevx.6.041067},
	url = {https://doi.org/10.1103\%2Fphysrevx.6.041067},
	year = 2016,
	month = {dec},
	publisher = {American Physical Society ({APS})},
	volume = {6},
	number = {4},
	author = {Guang Hao Low and Theodore J. Yoder and Isaac L. Chuang},
	title = {Methodology of Resonant Equiangular Composite Quantum Gates},
	journal = {Physical Review X}
}

@article{LC17,
	doi = {10.1103/physrevlett.118.010501},
	url = {https://doi.org/10.1103%2Fphysrevlett.118.010501},
	year = 2017,
	month = {jan},
	publisher = {American Physical Society ({APS})},
	volume = {118},
	number = {1},
	author = {Guang Hao Low and Isaac L. Chuang},
	title = {Optimal Hamiltonian Simulation by Quantum Signal Processing},
	journal = {Physical Review Letters}
}

@article{LC19,
	doi = {10.22331/q-2019-07-12-163},
	url = {https://doi.org/10.22331\%2Fq-2019-07-12-163},
	year = 2019,
	month = {jul},
	publisher = {Verein zur Forderung des Open Access Publizierens in den Quantenwissenschaften},
	volume = {3},
	pages = {163},
	author = {Guang Hao Low and Isaac L. Chuang},
	title = {Hamiltonian Simulation by Qubitization},
	journal = {Quantum}
}

@inproceedings{GSLW19,
	doi = {10.1145/3313276.3316366},
	url = {https://doi.org/10.1145\%2F3313276.3316366},
	year = 2019,
	month = {jun},
	publisher = {{ACM}},
	author = {Andr{\'{a}}s Gily{\'{e}}n and Yuan Su and Guang Hao Low and Nathan Wiebe},
	title = {Quantum singular value transformation and beyond: exponential improvements for quantum matrix arithmetics},
	booktitle = {Proceedings of the 51st Annual {ACM} {SIGACT} Symposium on Theory of Computing}
}

@article{MRTC21,
	doi = {10.1103/prxquantum.2.040203},
  
	url = {https://doi.org/10.1103\%2Fprxquantum.2.040203},
  
	year = 2021,
	month = {dec},
  
	publisher = {American Physical Society ({APS})},
  
	volume = {2},
  
	number = {4},
  
	author = {John M. Martyn and Zane M. Rossi and Andrew K. Tan and Isaac L. Chuang},
  
	title = {Grand Unification of Quantum Algorithms},
  
	journal = {{PRX} Quantum}
}
==!!====!!====!!====!!====!!====!!====!!====!!====!!====!!====!!====!!====!!====!!====!!====!!====!!====!!====!!====!!==
==!!====!!====!!====!!====!!====!!====!!====!!====!!====!!====!!====!!====!!====!!====!!====!!====!!====!!====!!====!!==
==!!====!!====!!====!!====!!====!!====!!====!!====!!====!!====!!====!!====!!====!!====!!====!!====!!====!!====!!====!!==
==!!====!!====!!====!!====!!====!!====!!====!!====!!====!!====!!====!!====!!====!!====!!====!!====!!====!!====!!====!!==
%% Books and Notes %% Books and Notes %% Books and Notes %% Books and Notes %% Books and Notes %% Books and Notes %% Books and Notes
%% Books and Notes %% Books and Notes %% Books and Notes %% Books and Notes %% Books and Notes %% Books and Notes %% Books and Notes
%% Books and Notes %% Books and Notes %% Books and Notes %% Books and Notes %% Books and Notes %% Books and Notes %% Books and Notes
%% Books and Notes %% Books and Notes %% Books and Notes %% Books and Notes %% Books and Notes %% Books and Notes %% Books and Notes

@misc{LinLin22,
      title={Lecture Notes on Quantum Algorithms for Scientific Computation}, 
      author={Lin Lin},
      year={2022},
      eprint={2201.08309},
      archivePrefix={arXiv},
      primaryClass={quant-ph}
}
  
@misc{DeWolf23,
      title={Quantum Computing: Lecture Notes}, 
      author={Ronald de Wolf},
      year={2023},
      eprint={1907.09415},
      archivePrefix={arXiv},
      primaryClass={quant-ph}
}

@book{KSV02,
author = {Kitaev, A. Yu. and Shen, A. H. and Vyalyi, M. N.},
title = {Classical and Quantum Computation},
year = {2002},
isbn = {0821832298},
publisher = {American Mathematical Society},
address = {USA}
}

@book{NCBook,
  author = {Nielsen, Michael A. and Chuang, Isaac L.},
  publisher = {Cambridge University Press},
  title = {Quantum Computation and Quantum Information},
  year = 2000
}

@inproceedings{Serre02,
  title={Matrices: Theory and Applications},
  author={Denis Serre},
  year={2002}
}

==!!====!!====!!====!!====!!====!!====!!====!!====!!====!!====!!====!!====!!====!!====!!====!!====!!====!!====!!====!!==
==!!====!!====!!====!!====!!====!!====!!====!!====!!====!!====!!====!!====!!====!!====!!====!!====!!====!!====!!====!!==
==!!====!!====!!====!!====!!====!!====!!====!!====!!====!!====!!====!!====!!====!!====!!====!!====!!====!!====!!====!!==
==!!====!!====!!====!!====!!====!!====!!====!!====!!====!!====!!====!!====!!====!!====!!====!!====!!====!!====!!====!!==
%% Lattice Gauge Theory %% Lattice Gauge Theory %% Lattice Gauge Theory %% Lattice Gauge Theory %% Lattice Gauge Theory
%% Lattice Gauge Theory %% Lattice Gauge Theory %% Lattice Gauge Theory %% Lattice Gauge Theory %% Lattice Gauge Theory
%% Lattice Gauge Theory %% Lattice Gauge Theory %% Lattice Gauge Theory %% Lattice Gauge Theory %% Lattice Gauge Theory
%% Lattice Gauge Theory %% Lattice Gauge Theory %% Lattice Gauge Theory %% Lattice Gauge Theory %% Lattice Gauge Theory
%% BCGS00,LS92,AZHA88,KK88
@article{BCGS00,
	doi = {10.1016/s0920-5632(00)91777-8},
	url = {https://doi.org/10.1016%2Fs0920-5632%2800%2991777-8},
	year = 2000,
	month = {apr},
	publisher = {Elsevier {BV}},
	volume = {83-84},
	pages = {691--693},
	author = {F. Berruto and E. Coletti and G. Grignani and P. Sodano},
	title = {Lattice gauge theories and the Heisenberg antiferromagnetic chain},
	journal = {Nuclear Physics B - Proceedings Supplements}
}

@article{LS92,
title = {Strong coupling gauge theory, quantum spin systems and the spontaneous breaking of chiral symmetry},
journal = {Physics Letters B},
volume = {297},
number = {1},
pages = {175-180},
year = {1992},
issn = {0370-2693},
doi = {https://doi.org/10.1016/0370-2693(92)91088-Q},
url = {https://www.sciencedirect.com/science/article/pii/037026939291088Q},
author = {E. Langmann and G.W. Semenoff},
}

@article{AZHA88,
  title = {SU(2) gauge symmetry of the large-$U$ limit of the Hubbard model},
  author = {Affleck, Ian and Zou, Z. and Hsu, T. and Anderson, P. W.},
  journal = {Phys. Rev. B},
  volume = {38},
  issue = {1},
  pages = {745--747},
  numpages = {0},
  year = {1988},
  month = {Jul},
  publisher = {American Physical Society},
  doi = {10.1103/PhysRevB.38.745},
  url = {https://link.aps.org/doi/10.1103/PhysRevB.38.745}
}

@article{KK88,
  doi = {10.1103/physrevd.37.2300},
  url = {https://doi.org/10.1103/physrevd.37.2300},
  year = {1988},
  month = apr,
  publisher = {American Physical Society ({APS})},
  volume = {37},
  number = {8},
  pages = {2300--2306},
  author = {A. Krasnitz and E. G. Klepfish},
  title = {Phase structure of lattice {SU}(2) {QCD} with finite chemical potential},
  journal = {Physical Review D}
}

@misc{BBT06,
      title={Merlin-Arthur Games and Stoquastic Complexity}, 
      author={Sergey Bravyi and Arvid J. Bessen and Barbara M. Terhal},
      year={2006},
      eprint={quant-ph/0611021},
      archivePrefix={arXiv},
      primaryClass={quant-ph}
}

==!!====!!====!!====!!====!!====!!====!!====!!====!!====!!====!!====!!====!!====!!====!!====!!====!!====!!====!!====!!==
==!!====!!====!!====!!====!!====!!====!!====!!====!!====!!====!!====!!====!!====!!====!!====!!====!!====!!====!!====!!==
==!!====!!====!!====!!====!!====!!====!!====!!====!!====!!====!!====!!====!!====!!====!!====!!====!!====!!====!!====!!==
==!!====!!====!!====!!====!!====!!====!!====!!====!!====!!====!!====!!====!!====!!====!!====!!====!!====!!====!!====!!==
%%% t-J model %%% t-J model %%% t-J model %%% t-J model %%% t-J model %%% t-J model %%% t-J model %%% t-J model %%% t-J model
%%% t-J model %%% t-J model %%% t-J model %%% t-J model %%% t-J model %%% t-J model %%% t-J model %%% t-J model %%% t-J model
%%% t-J model %%% t-J model %%% t-J model %%% t-J model %%% t-J model %%% t-J model %%% t-J model %%% t-J model %%% t-J model
%%% t-J model %%% t-J model %%% t-J model %%% t-J model %%% t-J model %%% t-J model %%% t-J model %%% t-J model %%% t-J model
@article{CSO78,
  title = {Canonical perturbation expansion of the Hubbard model},
  author = {Chao, K. A. and Spa\l{}ek, J. and Ole\ifmmode \acute{s}\else \'{s}\fi{}, A. M.},
  journal = {Phys. Rev. B},
  volume = {18},
  issue = {7},
  pages = {3453--3464},
  numpages = {0},
  year = {1978},
  month = {Oct},
  publisher = {American Physical Society},
  doi = {10.1103/PhysRevB.18.3453},
  url = {https://link.aps.org/doi/10.1103/PhysRevB.18.3453}
}

@book{Auerbach94,
  doi = {10.1007/978-1-4612-0869-3},
  url = {https://doi.org/10.1007/978-1-4612-0869-3},
  year = {1994},
  publisher = {Springer New York},
  author = {Assa Auerbach},
  title = {Interacting Electrons and Quantum Magnetism}
}

@misc{Spalek07,
      title={t-J model then and now: A personal perspective from the pioneering times}, 
      author={Jozef Spalek},
      year={2007},
      eprint={0706.4236},
      archivePrefix={arXiv},
      primaryClass={cond-mat.str-el}
}

@misc{Plakida02,
      title={Superconductivity in the t-J model}, 
      author={N. M. Plakida},
      year={2002},
      eprint={cond-mat/0210385},
      archivePrefix={arXiv},
      primaryClass={cond-mat.str-el}
}

==!!====!!====!!====!!====!!====!!====!!====!!====!!====!!====!!====!!====!!====!!====!!====!!====!!====!!====!!====!!==
==!!====!!====!!====!!====!!====!!====!!====!!====!!====!!====!!====!!====!!====!!====!!====!!====!!====!!====!!====!!==
==!!====!!====!!====!!====!!====!!====!!====!!====!!====!!====!!====!!====!!====!!====!!====!!====!!====!!====!!====!!==
==!!====!!====!!====!!====!!====!!====!!====!!====!!====!!====!!====!!====!!====!!====!!====!!====!!====!!====!!====!!==
%%% GUIDED LOCAL HAM %%% GUIDED LOCAL HAM %%% GUIDED LOCAL HAM %%% GUIDED LOCAL HAM %%% GUIDED LOCAL HAM %%% GUIDED LOCAL HAM
%%% GUIDED LOCAL HAM %%% GUIDED LOCAL HAM %%% GUIDED LOCAL HAM %%% GUIDED LOCAL HAM %%% GUIDED LOCAL HAM %%% GUIDED LOCAL HAM
%%% GUIDED LOCAL HAM %%% GUIDED LOCAL HAM %%% GUIDED LOCAL HAM %%% GUIDED LOCAL HAM %%% GUIDED LOCAL HAM %%% GUIDED LOCAL HAM
%%% GUIDED LOCAL HAM %%% GUIDED LOCAL HAM %%% GUIDED LOCAL HAM %%% GUIDED LOCAL HAM %%% GUIDED LOCAL HAM %%% GUIDED LOCAL HAM
@misc{GHGM22,
      title={Improved Hardness Results for the Guided Local Hamiltonian Problem}, 
      author={Sevag Gharibian and Ryu Hayakawa and FranÃ§ois Le Gall and Tomoyuki Morimae},
      year={2022},
      eprint={2207.10250},
      archivePrefix={arXiv},
      primaryClass={quant-ph}
}